@FOOTNOTE{Note1,key="Note1",note="we thank the authors of \cite {pan:2015} for their collaboration."}
